@inproceedings{Broder97,
  author    = {Andrei Z. Broder},
  title     = {On the resemblance and containment of documents},
  booktitle = {Compression and Complexity of {SEQUENCES} (SEQUENCES, 1997)},
  pages     = {21--29},
  publisher = {{IEEE}},
  year      = {1997},
  url       = {https://doi.org/10.1109/SEQUEN.1997.666900},
  doi       = {10.1109/SEQUEN.1997.666900},
  timestamp = {Wed, 16 Oct 2019 14:14:56 +0200},
  biburl    = {https://dblp.org/rec/conf/sequences/Broder97.bib},
  bibsource = {dblp computer science bibliography, https://dblp.org}
}

@article{CarterW79,
  author    = {Larry Carter and
               Mark N. Wegman},
  title     = {Universal Classes of Hash Functions},
  journal   = {Journal of Compuer and System Sciences},
  volume    = {18},
  number    = {2},
  pages     = {143--154},
  year      = {1979},
  url       = {https://doi.org/10.1016/0022-0000(79)90044-8},
  doi       = {10.1016/0022-0000(79)90044-8},
  timestamp = {Tue, 16 Feb 2021 14:04:40 +0100},
  biburl    = {https://dblp.org/rec/journals/jcss/CarterW79.bib},
  bibsource = {dblp computer science bibliography, https://dblp.org}
}

@article{ZhuNPM16,
  author    = {Erkang Zhu and
               Fatemeh Nargesian and
               Ken Q. Pu and
               Ren{\'{e}}e J. Miller},
  title     = {{LSH} Ensemble: Internet-Scale Domain Search},
  journal   = {Proceedings of the Very Large Data Base Endowment},
  volume    = {9},
  number    = {12},
  pages     = {1185--1196},
  year      = {2016},
  url       = {http://www.vldb.org/pvldb/vol9/p1185-zhu.pdf},
  doi       = {10.14778/2994509.2994534},
  timestamp = {Sat, 25 Apr 2020 13:59:01 +0200},
  biburl    = {https://dblp.org/rec/journals/pvldb/ZhuNPM16.bib},
  bibsource = {dblp computer science bibliography, https://dblp.org}
}
@inproceedings{Broder00,
  author    = {Andrei Z. Broder},
  title     = {Identifying and Filtering Near-Duplicate Documents},
  booktitle = {Proceedings of the 11th Annual Symposium on Combinatorial Pattern Matching ({CPM} {2000})},
  series    = {Lecture Notes in Computer Science},
  volume    = {1848},
  pages     = {1--10},
  publisher = {Springer},
  year      = {2000},
  url       = {https://doi.org/10.1007/3-540-45123-4\_1},
  doi       = {10.1007/3-540-45123-4\_1},
  timestamp = {Tue, 14 May 2019 10:00:38 +0200},
  biburl    = {https://dblp.org/rec/conf/cpm/Broder00.bib},
  bibsource = {dblp computer science bibliography, https://dblp.org}
}

@article{DBLP:journals/jcss/BroderCFM00,
  author    = {Andrei Z. Broder and
               Moses Charikar and
               Alan M. Frieze and
               Michael Mitzenmacher},
  title     = {Min-Wise Independent Permutations},
  journal   = {Journal of Computer and System Sciences},
  volume    = {60},
  number    = {3},
  pages     = {630--659},
  year      = {2000},
  url       = {https://doi.org/10.1006/jcss.1999.1690},
  doi       = {10.1006/jcss.1999.1690},
  timestamp = {Tue, 16 Feb 2021 14:04:19 +0100},
  biburl    = {https://dblp.org/rec/journals/jcss/BroderCFM00.bib},
  bibsource = {dblp computer science bibliography, https://dblp.org}
}
@inproceedings{Charikar02,
  author    = {Moses Charikar},
  title     = {Similarity estimation techniques from rounding algorithms},
  booktitle = {34th Annual {ACM} Symposium on Theory of Computing ({STOC} {2002})},
  pages     = {380--388},
  publisher = {{ACM}},
  year      = {2002},
  url       = {https://doi.org/10.1145/509907.509965},
  doi       = {10.1145/509907.509965},
  timestamp = {Sun, 02 Jun 2019 21:10:33 +0200},
  biburl    = {https://dblp.org/rec/conf/stoc/Charikar02.bib},
  bibsource = {dblp computer science bibliography, https://dblp.org}
}

@article{GoemansW95,
  author    = {Michel X. Goemans and
               David P. Williamson},
  title     = {Improved Approximation Algorithms for Maximum Cut and Satisfiability
               Problems Using Semidefinite Programming},
  journal   = {J. {ACM}},
  volume    = {42},
  number    = {6},
  pages     = {1115--1145},
  year      = {1995},
  url       = {https://doi.org/10.1145/227683.227684},
  doi       = {10.1145/227683.227684},
  timestamp = {Wed, 14 Nov 2018 10:35:24 +0100},
  biburl    = {https://dblp.org/rec/journals/jacm/GoemansW95.bib},
  bibsource = {dblp computer science bibliography, https://dblp.org}
}

@article{KulisGrauman12,
  author    = {Brian Kulis and
               Kristen Grauman},
  title     = {Kernelized Locality-Sensitive Hashing},
  journal   = {{IEEE} Trans. Pattern Anal. Mach. Intell.},
  volume    = {34},
  number    = {6},
  pages     = {1092--1104},
  year      = {2012},
  url       = {https://doi.org/10.1109/TPAMI.2011.219},
  doi       = {10.1109/TPAMI.2011.219},
  timestamp = {Sat, 30 May 2020 20:01:58 +0200},
  biburl    = {https://dblp.org/rec/journals/pami/KulisG12.bib},
  bibsource = {dblp computer science bibliography, https://dblp.org}
}

@inproceedings{Shrivastava014,
  author    = {Anshumali Shrivastava and
               Ping Li},
  title     = {In Defense of Minhash over Simhash},
  booktitle = {Proceedings of the Seventeenth International Conference on Artificial
               Intelligence and Statistics ({AISTATS} 2014)},
  series    = {{JMLR} Workshop and Conference Proceedings},
  volume    = {33},
  pages     = {886--894},
  publisher = {JMLR.org},
  year      = {2014},
  url       = {http://proceedings.mlr.press/v33/shrivastava14.html},
  timestamp = {Wed, 29 May 2019 08:41:44 +0200},
  biburl    = {https://dblp.org/rec/conf/aistats/Shrivastava014.bib},
  bibsource = {dblp computer science bibliography, https://dblp.org}
}

@inproceedings{Ping2012,
  author    = {Ping Li and
               Art B. Owen and
               Cun{-}Hui Zhang},
  title     = {One Permutation Hashing},
  booktitle = {26th Annual
               Conference on Neural Information Processing Systems 2012 ({NIPS} {2006})},
  pages     = {3122--3130},
  year      = {2012},
  url       = {https://proceedings.neurips.cc/paper/2012/hash/eaa32c96f620053cf442ad32258076b9-Abstract.html},
  timestamp = {Mon, 16 May 2022 15:41:51 +0200},
  biburl    = {https://dblp.org/rec/conf/nips/0001OZ12.bib},
  bibsource = {dblp computer science bibliography, https://dblp.org}
}

@inproceedings{IndykM98,
  author    = {Piotr Indyk and
               Rajeev Motwani},
  title     = {Approximate Nearest Neighbors: Towards Removing the Curse of Dimensionality},
  booktitle = {Thirtieth Annual {ACM} Symposium on the Theory
               of Computing ({STOC} {1998})},
  pages     = {604--613},
  publisher = {{ACM}},
  year      = {1998},
  url       = {https://doi.org/10.1145/276698.276876},
  doi       = {10.1145/276698.276876},
  timestamp = {Thu, 02 Jan 2020 12:13:44 +0100},
  biburl    = {https://dblp.org/rec/conf/stoc/IndykM98.bib},
  bibsource = {dblp computer science bibliography, https://dblp.org}
}

@book{Minsky69,
  author    = {Marvin Minsky and
               Seymour Papert},
  title     = {Perceptrons - An Introduction to Computational Geometry},
  publisher = {{MIT} Press},
  year      = {1969},
  isbn      = {978-0-262-63111-2},
  timestamp = {Thu, 05 May 2011 16:48:09 +0200},
  biburl    = {https://dblp.org/rec/books/daglib/0066902.bib},
  bibsource = {dblp computer science bibliography, https://dblp.org}
}

@inproceedings{LiCH06,
  author    = {Ping Li and
               Kenneth Ward Church and
               Trevor Hastie},
  title     = {Conditional Random Sampling: {A} Sketch-based Sampling Technique for
               Sparse Data},
  booktitle = {Twentieth Annual Conference on Neural Information Processing
               Systems ({NIPS} {2006})},
  pages     = {873--880},
  publisher = {{MIT} Press},
  year      = {2006},
  url       = {https://proceedings.neurips.cc/paper/2006/hash/aa6b7ad9d68bf3443c35d23de844463b-Abstract.html},
  timestamp = {Mon, 16 May 2022 15:41:51 +0200},
  biburl    = {https://dblp.org/rec/conf/nips/LiCH06.bib},
  bibsource = {dblp computer science bibliography, https://dblp.org}
}

@inproceedings{Shrivastava014densified,
  author    = {Anshumali Shrivastava and
               Ping Li},
  title     = {Densifying One Permutation Hashing via Rotation for Fast Near Neighbor
               Search},
  booktitle = {Proceedings of the 31th International Conference on Machine Learning ({ICML} 2014) },
  series    = {{JMLR} Workshop and Conference Proceedings},
  volume    = {32},
  pages     = {557--565},
  publisher = {JMLR.org},
  year      = {2014},
  url       = {http://proceedings.mlr.press/v32/shrivastava14.html},
  timestamp = {Wed, 29 May 2019 08:41:45 +0200},
  biburl    = {https://dblp.org/rec/conf/icml/Shrivastava014.bib},
  bibsource = {dblp computer science bibliography, https://dblp.org}
}
@inproceedings{Shrivastava014Improved,
  author    = {Anshumali Shrivastava and
               Ping Li},
  title     = {Improved Densification of One Permutation Hashing},
  booktitle = {Thirtieth Conference on Uncertainty in Artificial
               Intelligence ({UAI} 2014)},
  pages     = {732--741},
  publisher = {{AUAI} Press},
  year      = {2014},
  url       = {https://dslpitt.org/uai/displayArticleDetails.jsp?mmnu=1\&smnu=2\&article\_id=2509\&proceeding\_id=30},
  timestamp = {Wed, 03 Feb 2021 11:09:27 +0100},
  biburl    = {https://dblp.org/rec/conf/uai/Shrivastava014.bib},
  bibsource = {dblp computer science bibliography, https://dblp.org}
}
@inproceedings{DahlgaardKT17,
  author    = {S{\o}ren Dahlgaard and
               Mathias B{\ae}k Tejs Knudsen and
               Mikkel Thorup},
  title     = {Fast Similarity Sketching},
  booktitle = {58th {IEEE} Annual Symposium on Foundations of Computer Science ({FOCS}
               2017)},
  pages     = {663--671},
  publisher = {{IEEE} Computer Society},
  year      = {2017},
  url       = {https://doi.org/10.1109/FOCS.2017.67},
  doi       = {10.1109/FOCS.2017.67},
  timestamp = {Wed, 16 Oct 2019 14:14:54 +0200},
  biburl    = {https://dblp.org/rec/conf/focs/DahlgaardKT17.bib},
  bibsource = {dblp computer science bibliography, https://dblp.org}
}

@inproceedings{Shrivastava17,
  author    = {Anshumali Shrivastava},
  title     = {Optimal Densification for Fast and Accurate Minwise Hashing},
  booktitle = {34th International Conference on Machine Learning
               ({ICML} 2017)},
  series    = {Proceedings of Machine Learning Research},
  volume    = {70},
  pages     = {3154--3163},
  publisher = {{PMLR}},
  year      = {2017},
  url       = {http://proceedings.mlr.press/v70/shrivastava17a.html},
  timestamp = {Wed, 29 May 2019 08:41:45 +0200},
  biburl    = {https://dblp.org/rec/conf/icml/Shrivastava17.bib},
  bibsource = {dblp computer science bibliography, https://dblp.org}
}

@inproceedings{DahlgaardKRT15,
  author    = {S{\o}ren Dahlgaard and
               Mathias B{\ae}k Tejs Knudsen and
               Eva Rotenberg and
               Mikkel Thorup},
  title     = {Hashing for Statistics over K-Partitions},
  booktitle = {{IEEE} 56th Annual Symposium on Foundations of Computer Science ({FOCS}
               {2015})},
  pages     = {1292--1310},
  publisher = {{IEEE} Computer Society},
  year      = {2015},
  url       = {https://doi.org/10.1109/FOCS.2015.83},
  doi       = {10.1109/FOCS.2015.83},
  timestamp = {Sat, 09 Apr 2022 12:37:31 +0200},
  biburl    = {https://dblp.org/rec/conf/focs/DahlgaardKRT15.bib},
  bibsource = {dblp computer science bibliography, https://dblp.org}
}

@article{PapadakisIPNN13,
  author    = {George Papadakis and
               Ekaterini Ioannou and
               Themis Palpanas and
               Claudia Nieder{\'{e}}e and
               Wolfgang Nejdl},
  title     = {A Blocking Framework for Entity Resolution in Highly Heterogeneous
               Information Spaces},
  journal   = {{IEEE} Trans. Knowl. Data Eng.},
  volume    = {25},
  number    = {12},
  pages     = {2665--2682},
  year      = {2013},
  url       = {https://doi.org/10.1109/TKDE.2012.150},
  doi       = {10.1109/TKDE.2012.150},
  timestamp = {Sat, 09 Apr 2022 12:22:57 +0200},
  biburl    = {https://dblp.org/rec/journals/tkde/PapadakisIPNN13.bib},
  bibsource = {dblp computer science bibliography, https://dblp.org}
}

@article{Papadakis2016,
  author    = {George Papadakis and
               Jonathan Svirsky and
               Avigdor Gal and
               Themis Palpanas},
  title     = {Comparative Analysis of Approximate Blocking Techniques for Entity
               Resolution},
  journal   = {Proceedings of the VLDB Endowment},
  volume    = {9},
  number    = {9},
  pages     = {684--695},
  year      = {2016},
  url       = {http://www.vldb.org/pvldb/vol9/p684-papadakis.pdf},
  doi       = {10.14778/2947618.2947624},
  timestamp = {Sat, 25 Apr 2020 13:59:34 +0200},
  biburl    = {https://dblp.org/rec/journals/pvldb/0001SGP16.bib},
  bibsource = {dblp computer science bibliography, https://dblp.org}
}

@inproceedings{DamGKNVF16,
  author    = {Iris van Dam and
               Gerhard van Ginkel and
               Wim Kuipers and
               Nikki Nijenhuis and
               Damir Vandic and
               Flavius Frasincar},
  title     = {Duplicate detection in web shops using {LSH} to reduce the number
               of computations},
  booktitle = {31st Annual {ACM} Symposium on Applied Computing ({SAC} {2016})},
  pages     = {772--779},
  publisher = {{ACM}},
  year      = {2016},
  url       = {https://doi.org/10.1145/2851613.2851861},
  doi       = {10.1145/2851613.2851861},
  timestamp = {Tue, 06 Nov 2018 11:06:49 +0100},
  biburl    = {https://dblp.org/rec/conf/sac/DamGKNVF16.bib},
  bibsource = {dblp computer science bibliography, https://dblp.org}
}

@inproceedings{BezuBRVVF15,
  author    = {Ronald van Bezu and
               Sjoerd Borst and
               Rick Rijkse and
               Jim Verhagen and
               Damir Vandic and
               Flavius Frasincar},
  title     = {Multi-component similarity method for web product duplicate detection},
  booktitle = {30th Annual {ACM} Symposium on Applied Computing ({SAC} {2015})},
  pages     = {761--768},
  publisher = {{ACM}},
  year      = {2015},
  url       = {https://doi.org/10.1145/2695664.2695818},
  doi       = {10.1145/2695664.2695818},
  timestamp = {Tue, 06 Nov 2018 11:06:47 +0100},
  biburl    = {https://dblp.org/rec/conf/sac/BezuBRVVF15.bib},
  bibsource = {dblp computer science bibliography, https://dblp.org}
}

@inproceedings{HartveldKMNPFS18,
  author    = {Aron Hartveld and
               Max van Keulen and
               Diederik Mathol and
               Thomas van Noort and
               Thomas Plaatsman and
               Flavius Frasincar and
               Kim Schouten},
  title     = {An LSH-Based Model-Words-Driven Product Duplicate Detection Method},
  booktitle = {Advanced Information Systems Engineering - 30th International Conference ({CAISE} {2018})},
  series    = {Lecture Notes in Computer Science},
  volume    = {10816},
  pages     = {409--423},
  publisher = {Springer},
  year      = {2018},
  url       = {https://doi.org/10.1007/978-3-319-91563-0\_25},
  doi       = {10.1007/978-3-319-91563-0\_25},
  timestamp = {Tue, 14 May 2019 10:00:36 +0200},
  biburl    = {https://dblp.org/rec/conf/caise/HartveldKMNPFS18.bib},
  bibsource = {dblp computer science bibliography, https://dblp.org}
}

@book{LeskovecRU14,
  author    = {Jure Leskovec and
               Anand Rajaraman and
               Jeffrey D. Ullman},
  title     = {Mining of Massive Datasets, 2nd Ed},
  publisher = {Cambridge University Press},
  year      = {2014},
  pages     = {101-104},
  url       = {http://www.mmds.org/},
  isbn      = {978-1107077232},
  timestamp = {Wed, 10 Jul 2019 10:47:04 +0200},
  biburl    = {https://dblp.org/rec/books/cu/LeskovecRU14.bib},
  bibsource = {dblp computer science bibliography, https://dblp.org}
}

@article{KopckeTR10,
  author    = {Hanna Kopcke and
               Andreas Thor and
               Erhard Rahm},
  title     = {Evaluation of entity resolution approaches on real-world match problems},
  journal   = {Proceedings of the VLDB Endowment},
  volume    = {3},
  number    = {1},
  pages     = {484--493},
  year      = {2010},
  url       = {http://www.vldb.org/pvldb/vldb2010/pvldb\_vol3/E04.pdf},
  doi       = {10.14778/1920841.1920904},
  timestamp = {Sat, 25 Apr 2020 13:59:42 +0200},
  biburl    = {https://dblp.org/rec/journals/pvldb/KopckeTR10.bib},
  bibsource = {dblp computer science bibliography, https://dblp.org}
}

@techreport{Rabin1984,
  author    = {Michael O. Rabin},
  title     = {Fingerprinting by random polynomials},
  institution = {Center for Research in Computing Technology, Aiken Computation Laboratory, Harvard University},
  year      = {1981},
}

@article{WuLCGZ22,
  author    = {Wei Wu and
               Bin Li and
               Ling Chen and
               Junbin Gao and
               Chengqi Zhang},
  title     = {A Review for Weighted MinHash Algorithms},
  journal   = {{IEEE} Transactions on Knowledge and Data Engineering},
  volume    = {34},
  number    = {6},
  pages     = {2553--2573},
  year      = {2022},
}

@inproceedings{mixedTabimplementDahlgaard,
  author    = {S{\o}ren Dahlgaard and
               Mathias B{\ae}k Tejs Knudsen and
               Mikkel Thorup},
  title     = {Practical Hash Functions for Similarity Estimation and Dimensionality
               Reduction},
  booktitle = {Annual Conference
               on Neural Information Processing Systems (NIPS, 2017)},
  pages     = {6615--6625},
  year      = {2017},
  url       = {https://proceedings.neurips.cc/paper/2017/hash/62dad6e273d32235ae02b7d321578ee8-Abstract.html},
  timestamp = {Thu, 21 Jan 2021 15:15:21 +0100},
  biburl    = {https://dblp.org/rec/conf/nips/DahlgaardKT17.bib},
  bibsource = {dblp computer science bibliography, https://dblp.org}
}

@article{jaccard1912distribution,
  title={The distribution of the flora in the alpine zone. 1},
  author={Jaccard, Paul},
  journal={New phytologist},
  volume={11},
  number={2},
  pages={37--50},
  year={1912},
  publisher={Wiley Online Library}
}

@techreport{zobrist1970new,
  title={A new hashing method with application for game playing},
  author={Zobrist, Albert L},
  year={1970},
  institution={Computer Sciences Department, University of Wisconsin, Madison, Wisconsin}
}

@inproceedings{Thorup13,
  author    = {Mikkel Thorup},
  title     = {Simple Tabulation, Fast Expanders, Double Tabulation, and High Independence},
  booktitle = {54th Annual {IEEE} Symposium on Foundations of Computer Science ({FOCS}, 2013)},
  pages     = {90--99},
  publisher = {{IEEE} Computer Society},
  year      = {2013},
  url       = {https://doi.org/10.1109/FOCS.2013.18},
  doi       = {10.1109/FOCS.2013.18},
  timestamp = {Wed, 16 Oct 2019 14:14:54 +0200},
  biburl    = {https://dblp.org/rec/conf/focs/Thorup13.bib},
  bibsource = {dblp computer science bibliography, https://dblp.org}
}